% 20131022 Home 21:30
% Always be self-motivating.

% 20131024 Home 8:30
% To be or not to be, it's a question.


% 20131128 Lab 16:40
% And there is a lot of work for us to do.





@electronic{Ref:CustomerRelationshipManagement,
  author        = "Wikipedia",
  title         = "Customer Relationship Management",
  url           = "https://en.wikipedia.org/wiki/Customer_relationship_management",
  year          = "2013"
}

@electronic{Ref:KDDCup2009,
  author        = "{ACM SIGKDD}",
  title         = "{KDD} {Cup} 2009: Customer relationship prediction",
  url           = "http://www.kdd.org/kdd-cup-2009-customer-relationship-prediction",
  year          = "2009"
}

@inproceedings{Ref:WinningtheKDDCupIBMResearch,
  author        = "A. Niculescu-Mizil and others",
  title         = "Winning the {KDD Cup} orange challenge with ensemble selection",
  booktitle     = "Proceedings of {KDD-Cup} 2009 competition",
  address       = "Paris, France",
  month         = jun,
  year          = "2009",
  pages         = "23-34"
}

@inproceedings{Ref:AnalysisOfTheKDDCup2009,
  author        = "I. Guyon and V. Lemaire and M. Boulle and G. Dror and D. Vogel",
  title         = "Analysis of the KDD Cup 2009: Fast Scoring on a Large Orange Customer Database",
  booktitle     = "Proceedings of {KDD-Cup} 2009 competition",
  address       = "Paris, France",
  month         = jun,
  year          = "2009",
  pages         = "23-34"
}

@inproceedings{Ref:ACombinationOfBoostingAndBaggingForKDD,
  author        = "J. Xie and V. Rojkova and S. Pal and S. Coggeshall",
  title         = "A Combination of Boosting and Bagging for KDD Cup 2009 - Fast Scoring on a Large Database",
  booktitle     = "Proceedings of {KDD-Cup} 2009 competition",
  address       = "Paris, France",
  month         = jun,
  year          = "2009",
  pages         = "35-43"
}

@inproceedings{Ref:FeaturePartitioningAndBoosting,
  author        = "M. Kurucz and D. Siklosi and I. Biro and P. Csizsek and Z. Fekete and R. Iwatt and T. Kiss and A. Szabo",
  title         = "KDD Cup 2009 @ Budapest: feature partitioning and boosting",
  booktitle     = "Proceedings of {KDD-Cup} 2009 competition",
  address       = "Paris, France",
  month         = jun,
  year          = "2009",
  pages         = "65-75"
}

@book{Ref:ProceedingsOfKddCup2009,
  editor        = "G. Dror and M. Bollue and I. Guyon and V. Lemaire and D. Vogel",
  title         = "Proceedings of {KDD-Cup} 2009 competition",
  publisher     = "{JMRL,SPARC}",
  address       = "Paris, France",
  year          = "2009"
}


@incollection{Ref:EnsembleMethodsInMachineLearning,
  author        = "T. G. Dietterich",
  editor        = "J. Kittler and F. Roli",
  title         = "Ensemble Methods in Machine Learning",
  booktitle     = "Multiple Classifier Systems",
  publisher     = "Springer Verlag",
  address       = "New York",
  year          = "2000"
}

@inbook{Ref:DataMiningConceptsandTechniques,
  author        = "J. Han and M. Kamber and J. Pei",
  title         = "Data Mining: Concepts and Techniques",
  publisher     = "Morgan Kaufmann",
  address       = "Berlington, USA",
  year          = "2012",
  chapter       = "8-9",
  edition       = "Third"
}

@inproceedings{Ref:EnsembleSelectionFromLibraryOfModels,
  author        = "R. Caruana and A. Niculescu-Mizil and G. Crew and A. Ksikes",
  title         = "Ensemble Selection from Library of Models",
  booktitle     = "Proceedings of the 21st International Conference on Machine Learning",
  address       = "Banff, Canada",
  month         = jun,
  year          = "2004",
}

@article{Ref:AnEmpiricalComparisonofVotingClassification,
year={1999},
issn={0885-6125},
journal={Machine Learning},
volume={36},
number={1-2},
title={An Empirical Comparison of Voting Classification Algorithms: Bagging, Boosting, and Variants},
publisher={Kluwer Academic Publishers},
author={Bauer, Eric and Kohavi, Ron},
pages={105-139},
}

@article{Ref:AnEfficientVotingAlgorithmForFindingBiclusters,
year={2008},
journal={Journal of Computational Biology},
volume={15},
number={10},
title={An Efficient Voting Algorithms for Finding Additive Biclusters with Random Background},
month = dec,
author={J. Xiao and L. Wang and X. Liu and T. Jiang},
pages={1275-1293},
}


@inproceedings{Ref:AnEnsembleOfThreeClassifiersForKDD2009,
  author        = "H. Lo and others",
  title         = "An Ensemble of Three Classifiers for KDD Cup 2009: Expanded Linear Model, Heterogeneous Boosting, and Selective Naive Bayes",
  booktitle     = "Proceedings of {KDD-Cup} 2009 competition",
  address       = "Paris, France",
  month         = jun,
  year          = "2009",
  pages         = "23-34"
}


@article{Ref:LargeLinearClassificationWhen,
  author        = "H. Yu and C. Hsieh and K. Chang and C. Lin",
  title         = "Large Linear Classification When Data Cannot Fit In Memory",
  journal       = "ACM Transactions on Knowledge Discovery from Data",
  volume        = "5",
  month         = feb,
  year          = "2010",
  pages         = "23:1--23:23S"
}

@article{Ref:ComparingBoostingandBaggingWithNoisyImbalancedData,
author={Khoshgoftaar, T.M. and Van Hulse, J. and Napolitano, A.},
journal={Systems, Man and Cybernetics, Part A: Systems and Humans, IEEE Transactions on},
title={Comparing Boosting and Bagging Techniques With Noisy and Imbalanced Data},
year={2011},
volume={41},
number={3},
pages={552-568},
}

@inproceedings{Ref:IncoprtatingBaggingIntoBoosting,
  author        = "K. Jain and S. Kulkarni",
  title         = "Incorporating Bagging Into Boosting",
  booktitle     = "Proceedings of the 12th International Conference on Hybrid Intelligent Systems (HIS)",
  address       = "Beijing, China",
  month         = aug,
  year          = "2012",
  pages         = "443-448"
}

@inproceedings{Ref:IntelligibleModelsForClassificationAndRegression,
  author        = "Y. lou and R. Caruana and J. Gehrke",
  title         = "Intelligible Models For Classification And Regression",
  booktitle     = "Proceedings of the 18th ACM SIGKDD international conference on Knowledge discovery and data mining",
  address       = "Beijing, China",
  month         = aug,
  year          = "2012",
  pages         = "150-158"
}

@inproceedings{Ref:DensityBasedLogicalRegression,
  author        = "W. Chen and Y. Chen and Y. Mao and B. Guo",
  title         = "Density Based Logical Regression",
  booktitle     = "Proceedings of the 19th ACM SIGKDD
   international conference on Knowledge discovery and data mining",
  address       = "Chicago, Illinois, USA",
  month         = aug,
  year          = "2013",
  pages         = "140-149"
}

@inproceedings{Ref:DensityBasedLogicalRegression,
  author        = "W. Chen and Y. Chen and Y. Mao and B. Guo",
  title         = "Density Based Logical Regression",
  booktitle     = "Proceedings of the 19th ACM SIGKDD
   international conference on Knowledge discovery and data mining",
  address       = "Chicago, Illinois, USA",
  month         = aug,
  year          = "2013",
  pages         = "140-149"
}

@inproceedings{Ref:TradingRepresentabilityforScalability,
  author        = "Z. Wang and N. Djuric and K. Crammer and S. Vucetic",
  title         = "Trading Representability for Scalability: Adaptive Multi-Hyperplane Machine for Nonlinear Classification",
  booktitle     = "Proceedings of the 17th ACM SIGKDD international conference on Knowledge discovery and data mining",
  address       = "San Diego, California, USA",
  month         = aug,
  year          = "2011",
  pages         = "24-32"
}

@inproceedings{Ref:ANewClassifierBasedOnCompositeHypercubes,
  author        = "L. Wikinson and A. Anand and D. N. Tuan",
  title         = "CHIRP: A New Classifier Based on Composite Hypercubes on Iterated Random Projections",
  booktitle     = "Proceedings of the 17th ACM SIGKDD international conference on Knowledge discovery and data mining",
  address       = "San Diego, California, USA",
  month         = aug,
  year          = "2011",
  pages         = "6-14"
}

@inproceedings{Ref:DataMiningApplicationInCRM,
  author        = "L. Zhang",
  title         = "Data Mining Application in Customer Relationship Management",
  booktitle     = "International Conference on Computer Application and System Modeling (ICCASM)",
  year          = "2010",
  pages         = "171-174"
}

@inproceedings{Ref:DataMiningStrategiesforCRM,
  author        = "Al-Mudimigh, A.S. and Ullah, Z. and Saleem, F.",
  title         = "Data Mining Strategies and Techniques for CRM Systems",
  booktitle     = "IEEE International Conference on System of Systems Engineering",
  year          = "2009",
  pages         = "1-5"
}

@inproceedings{Ref:CRMBasedonDataMiningTechnique,
  author="H. Gao",
  booktitle="International Conference on E -Business and E -Government (ICEE)",
  title="Customer relationship management based on data mining technique: Naive Bayesian classifier",
  year="2011",
  pages="1-4",
}

@article{Ref:CostSensitiveDataPreprocessing,
  author={J. Pan and Q. Yang and Y. Yang and L. Li and F. Li and G. Li},
  journal={Intelligent Systems, IEEE},
  title={Cost-Sensitive-Data Preprocessing for Mining Customer Relationship Management Databases},
  year={2007},
  volume={22},
  number={1},
  pages={46-51},
}

@inproceedings{Ref:ChallengesinKDDataMiningDatasets,
  author={Lobur, M. and Stekh, Y. and Artsibasov, V.},
  booktitle={Proceedings of VIIth International Conference on Perspective Technologies and Methods in MEMS Design (MEMSTECH)},
  title={Challenges in knowledge discovery and data mining in datasets},
  year={2011},
  pages={232-233},
}

@inproceedings{Ref:TowardsAnOptimalClassificationModel,
  author={Yan Tu and Zijiang Yang and Benslimane, Y.},
  booktitle={Seventh International Conference on Natural Computation (ICNC)},
  title={Towards an optimal classification model against imbalanced data for Customer Relationship Management},
  year={2011},
  volume={4},
  pages={2401-2405},
}

@INPROCEEDINGS{Ref:ApplicationOfDataMiningInCRM,
  author={K. Wu and F. Liu},
  booktitle={Management and Service Science (MASS), 2010 International Conference on},
  title={Application of Data Mining in Customer Relationship Management},
  year={2010},
  pages={1-4},
}

@INPROCEEDINGS{Ref:TargetingCustomers,
  author={Shahrokhi, N. and Dehzad, R. and Sahami, S.},
  booktitle={User Science and Engineering (i-USEr), 2011 International Conference on},
  title={Targeting customers with data mining techniques: Classification},
  year={2011},
  pages={212-215},
}

@article{Ref:Yanan2013,
  author        = "Y. Xiao and A. Sawafi",
  title         = "Getting the MAX Out of Ensemble Selection",
  journal       = "Journal of Masdar Institute",
  volume        = "1",
  month         = dec,
  year          = "2013",
  pages         = "323-330"
}

@inproceedings{Caruana:2008:EES:1390156.1390169,
 author = {Caruana, Rich and Karampatziakis, Nikos and Yessenalina, Ainur},
 title = {An Empirical Evaluation of Supervised Learning in High Dimensions},
 booktitle = {Proceedings of the 25th International Conference on Machine Learning},
 series = {ICML '08},
 year = {2008},
 isbn = {978-1-60558-205-4},
 location = {Helsinki, Finland},
 pages = {96--103},
 numpages = {8},
 url = {http://doi.acm.org/10.1145/1390156.1390169},
 doi = {10.1145/1390156.1390169},
 acmid = {1390169},
 publisher = {ACM},
 address = {New York, NY, USA},
}

@manual{ref:ensembleselectionnutshell,
  title         = "Ensemble Selection in a Nutshell",
  howpublished  = "Online Manual",
  organization  = "Weka Wiki",
  year          = "2009"
}

@incollection{NIPS2006_725,
 title = {Map-Reduce for Machine Learning on Multicore},
 author = {Cheng-Tao Chu and Sang Kyun Kim and Yi-An Lin and YuanYuan Yu and Gary Bradski and Andrew Y. Ng and Kunle Olukotun},
 booktitle = {Advances in Neural Information Processing Systems 19},
 editor = {B. Sch\"{o}lkopf and J. Platt and T. Hoffman},
 publisher = {MIT Press},
 address = {Cambridge, MA},
 pages = {281--288},
 year = {2007}
}